<?xml version="1.0" encoding="UTF-8"?><collection xmlns="http://www.loc.gov/MARC21/slim"><record><leader>00572nam--2200193-i-4500</leader><controlfield tag="001">000009932</controlfield><controlfield tag="002">20161230</controlfield><controlfield tag="005">20161230201028</controlfield><controlfield tag="008">060222s1000------------r-----000-0-rum-d</controlfield><datafield ind1=" " ind2=" " tag="040"><subfield code="a">IFIN-HH</subfield></datafield><datafield ind1=" " ind2=" " tag="041"><subfield code="a">rum</subfield></datafield><datafield ind1=" " ind2=" " tag="080"><subfield code="a">539.1</subfield></datafield><datafield ind1="1" ind2=" " tag="110"><subfield code="a">Institutul Central De Fizica Bucuresti</subfield></datafield><datafield ind1="1" ind2="0" tag="245"><subfield code="a">Progrese in fizica</subfield><subfield code="b">Sesiunea anuala de comunicari a institutului central de fizica, craiova, 29 septembrie - 1 octombrie 1983</subfield></datafield><datafield ind1=" " ind2=" " tag="260"><subfield code="a">Bucuresti</subfield><subfield code="b">Icefiz</subfield><subfield code="c">1983</subfield></datafield><datafield ind1=" " ind2=" " tag="300"><subfield code="b">85P</subfield></datafield><datafield ind1=" " ind2=" " tag="490"><subfield code="a">Progrese In Fizica</subfield></datafield><datafield ind1=" " ind2=" " tag="852"><subfield code="a">71395</subfield><subfield code="c">539</subfield></datafield><datafield ind1=" " ind2=" " tag="CAT"><subfield code="a">Sys</subfield><subfield code="c">20111013</subfield><subfield code="h">112802</subfield></datafield></record></collection>